@STRING{ JCD = "Journal of Coffee Drinkers" }

@Article{ Smith05,
    author  = "Mark Smith and Adam Jones and Wei Lee",
    title   = "Caffeine usage in {Chicago}",
    journal =  JCD,
    year    =  2005,
    volume  =  6,
    pages   = "121--142",
}

@Manual{ Markey05,
	author  = "Nicolas Markey",
	title   = "Tame the BeaST: the B to X of BibTeX",
	year    =  2005,
	url     = "http://www.ctan.org/tex-archive/info/bibtex/tamethebeast/",
}

@Manual{ Daly06,
	author  = "Patrick Daly",
	title   = "Natural Sciences Citations and References",
	year    =  2006,
	url     = "http://www.ctan.org/tex-archive/help/Catalogue/entries/natbib.html",
}

@Manual{ AMSShortGuide,
	author  = "Michael Downes",
	title   = "Short Math Guide for {LaTeX}",
	organization = "American Mathematical Society",
	year    = 2002,
	url     = "ftp://ftp.ams.org/pub/tex/doc/amsmath/",
}

@Manual{ NotSoShort,
	author = "Tobiaus Oetiker and Hubert Partl and Irene Hyna and Elisabeth Schlegl",
	title  = "Not So Short Introduction to {LaTeX2e}",
	year   = 2008,
	url    = "http://www.ctan.org/tex-archive/info/lshort/english/",
}
